@ARTICLE{714616, 
  author  ={E. H. Dinan and B. Jabbari}, 
  journal ={IEEE Communications Magazine}, 
  Title   ={Spreading codes for direct sequence CDMA and wideband CDMA cellular networks}, 
  year    ={1998}, 
  volume  ={36}, 
  number  ={9}, 
  pages   ={48-54}, 
  keywords={cellular radio;code division multiple access;land mobile radio;pseudonoise codes;radio networks;sequences;spread spectrum communication;variable length codes;Gold sequences;Kasami sequences;cellular networks;cross-correlation properties;direct sequence CDMA;fixed-length orthogonal codes;maximal length sequences;multiple spreading;scrambling;spreading codes;variable-length orthogonal codes;wideband CDMA;Bandwidth;Baseband;Bit rate;Delay;Gold;Land mobile radio cellular systems;Multiaccess communication;Radio transmitters;Spread spectrum communication;Wideband}, 
  doi={10.1109/35.714616}, 
  ISSN={0163-6804}, 
  month={Sep},
}

@article{darby2006effectiveness,
  title={The effectiveness of feedback on energy consumption},
  author={Darby, Sarah and others},
  year={2006}
}

@article{patoka2003power,
  title={Power over Ethernet eases design implementations},
  author={Patoka, Martin},
  journal={Power Electronics},
  year={2003}
}

@article{bertoldi2009electricity,
  title={Electricity consumption and efficiency trends in European Union--Status report 2009},
  author={Bertoldi, Paolo and Atanasiu, Bogdan},
  journal={JRC-IE, Ispra, Italy},
  year={2009}
}

@article{outlook2010energy,
  title={Energy information administration},
  author={Outlook, Annual Energy and others},
  journal={Department of Energy},
  year={2010}
}

@article{halonen2010guidebook,
  title={Guidebook on energy efficient electric lighting for buildings},
  author={Halonen, L and Tetri, Elno and Bhusal, P},
  journal={Aalto University, School of Science and Technology, Department of Electronics, Lighting Unit, Espoo2010},
  year={2010}
}



@inproceedings{Gupta:2010,
 author = {Gupta, Sidhant and Reynolds, Matthew S. and Patel, Shwetak N.},
 title = {ElectriSense: Single-point Sensing Using EMI for Electrical Event Detection and Classification in the Home},
 booktitle = {Proceedings of the 12th ACM International Conference on Ubiquitous Computing},
 series = {UbiComp '10},
 year = {2010},
 isbn = {978-1-60558-843-8},
 location = {Copenhagen, Denmark},
 pages = {139--148},
 numpages = {10},
 url = {http://doi.acm.org/10.1145/1864349.1864375},
 doi = {10.1145/1864349.1864375},
 acmid = {1864375},
 publisher = {ACM},
 address = {New York, NY, USA},
 keywords = {activity recognition, activity sensing, energy monitoring, infrastructure-mediated sensing},
} 

@inproceedings{shao2013temporal,
  title={A Temporal Motif Mining Approach to Unsupervised Energy Disaggregation: Applications to Residential and Commercial Buildings.},
  author={Shao, Huijuan and Marwah, Manish and Ramakrishnan, Naren},
  booktitle={AAAI},
  year={2013}
}

@article{froehlich2011disaggregated,
  title={Disaggregated end-use energy sensing for the smart grid},
  author={Froehlich, Jon and Larson, Eric and Gupta, Sidhant and Cohn, Gabe and Reynolds, Matthew and Patel, Shwetak},
  journal={IEEE Pervasive Computing},
  volume={10},
  number={1},
  pages={28--39},
  year={2011}
}

@inproceedings{hoch2011comparison,
  title={Comparison of PLC G3 and PRIME},
  author={Hoch, Martin},
  booktitle={IEEE Int. Symposium on Power Line Communications and Its Applications (ISPLC 2011)},
  pages={165--169},
  year={2011}
}

@ARTICLE{1205458, 
author={T. Komine and M. Nakagawa}, 
journal={IEEE Transactions on Consumer Electronics}, 
title={Integrated system of white LED visible-light communication and power-line communication}, 
year={2003}, 
volume={49}, 
number={1}, 
pages={71-79}, 
keywords={LED lamps;carrier transmission on power lines;optical transmitters;indoor optical wireless communication;integrated system;lighting equipment;power-line;power-line communication;quality of service;transmitted signal waveform;white LED visible-light communication;Brightness;Communication cables;Electromagnetic interference;Energy consumption;LED lamps;Light emitting diodes;Optical communication equipment;Power system reliability;Quality of service;Wireless communication}, 
doi={10.1109/TCE.2003.1205458}, 
ISSN={0098-3063}, 
month={Feb},}

@article{rajagopal2012ieee,
  title={IEEE 802.15. 7 visible light communication: modulation schemes and dimming support},
  author={Rajagopal, Sridhar and Roberts, Richard D and Lim, Sang-Kyu},
  journal={IEEE Communications Magazine},
  volume={50},
  number={3},
  pages={72--82},
  year={2012},
  publisher={IEEE}
}

@inproceedings{Kuo:2014:LIP:2639108.2639109,
 author = {Kuo, Ye-Sheng and Pannuto, Pat and Hsiao, Ko-Jen and Dutta, Prabal},
 title = {Luxapose: Indoor Positioning with Mobile Phones and Visible Light},
 booktitle = {Proceedings of the 20th Annual International Conference on Mobile Computing and Networking},
 series = {MobiCom '14},
 year = {2014},
 isbn = {978-1-4503-2783-1},
 location = {Maui, Hawaii, USA},
 pages = {447--458},
 numpages = {12},
 url = {http://doi.acm.org/10.1145/2639108.2639109},
 doi = {10.1145/2639108.2639109},
 acmid = {2639109},
 publisher = {ACM},
 address = {New York, NY, USA},
 keywords = {angle-of-arrival, image processing, indoor localization, mobile phones},
} 

@INPROCEEDINGS{1182447, 
  author={Yongxiang Xia and Pu Li and Xiuming Shan and Yong Ren}, 
  booktitle={Communication Systems, 2002. ICCS 2002. The 8th International Conference on}, 
  title={Cyclically orthogonal subsets of Walsh functions}, 
  year={2002}, 
  volume={1}, 
  pages={107-111 vol.1}, 
  keywords={Hadamard matrices;Walsh functions;code division multiple access;correlation methods;multiuser channels;radiofrequency interference;sequences;set theory;spread spectrum communication;DS-CDMA communications;Hadamard matrix;Walsh functions;correlation properties;cyclically orthogonal subsets;multiple access interference;Algorithm design and analysis;Communication system control;Control system analysis;Control systems;Induction generators;Ink;Multiaccess communication;Multiple access interference;Signal analysis;Signal processing algorithms}, 
  doi={10.1109/ICCS.2002.1182447}, 
  month={Nov},
}

@article{mitra2008pseudo,
  title={On pseudo-random and orthogonal binary spreading sequences},
  author={Mitra, Abhijit},
  journal={Int. J. Information Techn},
  volume={4},
  number={2},
  pages={137--144},
  year={2008},
  publisher={Citeseer}
}

@article{Wang:1988:LFS:52007.52024,
 author = {Wang, L.-T. and McClusky, E. J.},
 title = {Linear Feedback Shift Register Design Using Cyclic Codes},
 journal = {IEEE Trans. Comput.},
 issue_date = {October 1988},
 volume = {37},
 number = {10},
 month = oct,
 year = {1988},
 issn = {0018-9340},
 pages = {1302--1306},
 numpages = {5},
 url = {http://dx.doi.org/10.1109/12.5994},
 doi = {10.1109/12.5994},
 acmid = {52024},
 publisher = {IEEE Computer Society},
 address = {Washington, DC, USA},
 keywords = {codes, cyclic codes, design technique, feedback, linear-feedback shift registers, pseudoexhaustive testing, shift registers., test patterns},
} 

@article{kedia2012comparative,
  title={Comparative analysis of peak correlation characteristics of non-orthogonal spreading codes for wireless systems},
  author={Kedia, Deepak},
  journal={arXiv preprint arXiv:1206.2138},
  year={2012}
}

@article{mutagi1996pseudo,
  title={Pseudo noise sequences for engineers},
  author={Mutagi, RN},
  journal={Electronics \& Communication Engineering Journal},
  volume={8},
  number={2},
  pages={79--87},
  year={1996},
  publisher={IET}
}

@ARTICLE{1054106, 
author={R. Gold}, 
journal={IEEE Transactions on Information Theory}, 
title={Maximal recursive sequences with 3-valued recursive cross-correlation functions (Corresp.)}, 
year={1968}, 
volume={14}, 
number={1}, 
pages={154-156}, 
keywords={Correlation functions;Sequences;Aerospace electronics;Copper;Delay effects;Information theory;Jamming;Narrowband;Neural networks;Signal analysis;Time measurement;Uncertainty}, 
doi={10.1109/TIT.1968.1054106}, 
ISSN={0018-9448}, 
month={Jan},
}

@book{holmes2007spread,
  title={Spread Spectrum Systems for GNSS and Wireless Communications},
  author={Holmes, J.K.},
  number={v. 45},
  isbn={9781596930834},
  series={GNSS technology and applications series},
  url={https://books.google.nl/books?id=-AUfAQAAIAAJ},
  year={2007},
  publisher={Artech House}
}

@INPROCEEDINGS{5422934, 
  author={D. Kedia and M. Duhan and S. L. Maskara}, 
  booktitle={Advance Computing Conference (IACC), 2010 IEEE 2nd International}, 
  title={Evaluation of correlation properties of Orthogonal spreading codes for CDMA wireless mobile communication}, 
  year={2010}, 
  pages={325-330}, 
  keywords={code division multiple access;correlation methods;mobile communication;orthogonal codes;CDMA wireless mobile communication;Orthogonal Golay complementary sequences;Orthogonal Gold codes;Walsh-Hadamard codes;code division multiple access;correlation properties;future generation wireless systems;multiple access technology;orthogonal spreading codes;wireless mobile systems;Bandwidth;Fading;Frequency diversity;Gold;Mobile communication;Multiaccess communication;Multiple access interference;Peak to average power ratio;Time division multiple access;Wireless communication;Auto-correlation Function (ACF);CDMA;Cross-correlation Function (CCF);Multicarrier (MC);Peak to Average Power Ratio (PAPR);Spreading Codes}, 
  doi={10.1109/IADCC.2010.5422934}, 
  month={Feb},
}

@article{batra2015neighbourhood,
  title={Neighbourhood NILM: A Big-data Approach to Household Energy Disaggregation},
  author={Batra, Nipun and Singh, Amarjeet and Whitehouse, Kamin},
  journal={arXiv preprint arXiv:1511.02900},
  year={2015}
}

@inproceedings{kolter2011redd,
  title={REDD: A public data set for energy disaggregation research},
  author={Kolter, J Zico and Johnson, Matthew J},
  year={2011},
  organization={Citeseer}
}

@article{kettunen1997code,
  title={Code selection for CDMA systems},
  author={Kettunen, Kimmo},
  journal={Department of Information Studies, University of Tampere, Finland},
  year={1997}
}

@inproceedings{spiegel2014energy,
  title={Energy disaggregation meets heating control},
  author={Spiegel, Stephan and Albayrak, Sahin},
  booktitle={Proceedings of the 29th Annual ACM Symposium on Applied Computing},
  pages={559--566},
  year={2014},
  organization={ACM}
}

hall sensor
@misc{hall-ac-current-sensor-datasheet,
  title = {{Allegro MicroSystems ACS712}},
  howpublished = "\url{http://www.allegromicro.com/en/Products/Current-Sensor-ICs/Zero-To-Fifty-Amp-Integrated-Conductor-Sensor-ICs/ACS712.aspx}",
  year = {2013}, 
  note = "[Online; accessed 4-September-2016]"
}




@misc{h11l1-optocoupler-datasheet,
  title = {{Fairchild H11L1M}},
  howpublished = "\url{https://www.fairchildsemi.com/products/optoelectronics/high-performance-optocouplers/high-speed-logic-gate/H11L1M.html}",
  year = {2005}, 
  note = "[Online; accessed 4-September-2016]"
}

@misc{sfh617a-optocoupler-datasheet,
  title = {{Vishay SFH617A}},
  howpublished = "\url{http://www.vishay.com/docs/83740/sfh617a.pdf}",
  year = {2005}, 
  note = "[Online; accessed 4-September-2016]"
}

@misc{6n137-optocoupler-datasheet,
  title = {{Vishay 6N137}},
  howpublished = "\url{http://www.vishay.com/docs/84732/6n137.pdf}",
  year = {2015}, 
  note = "[Online; accessed 4-September-2016]"
}

@misc{4n35-optocoupler-datasheet,
  title = {{Vishay 4N35}},
  howpublished = "\url{http://www.vishay.com/docs/81181/4n35.pdf}",
  year = {2010}, 
  note = "[Online; accessed 4-September-2016]"
}

@misc{2n3904-npn-transistor-datasheet,
  title = {{Fairchild 2N3904}},
  howpublished = "\url{https://www.fairchildsemi.com/datasheets/2N/2N3904.pdf}",
  year = {2002}, 
  note = "[Online; accessed 4-September-2016]"
}

@misc{bc556-pnp-transistor-datasheet,
  title = {{Fairchild BC556}},
  howpublished = "\url{https://www.fairchildsemi.com/datasheets/BC/BC556.pdf}",
  year = {2002}, 
  note = "[Online; accessed 4-September-2016]"
}

@misc{2n7000-n-fet-datasheet,
  title = {{Vishay 2N7000}},
  howpublished = "\url{http://www.vishay.com/docs/70226/70226.pdf}",
  year = {2001}, 
  note = "[Online; accessed 4-September-2016]"
}

@misc{lm7805-vr-datasheet,
  title = {{Fairchild LM78XX}},
  howpublished = "\url{https://www.fairchildsemi.com/datasheets/LM/LM7805.pdf}",
  year = {2006}, 
  note = "[Online; accessed 4-September-2016]"
}

@misc{lm7824-vr-datasheet,
  title = {{Fairchild LM78XX}},
  howpublished = "\url{https://www.fairchildsemi.com/datasheets/LM/LM7824.pdf}",
  year = {2006}, 
  note = "[Online; accessed 4-September-2016]"
}

@misc{buz80-n-fet-datasheet,
  title = {{Siemens BUZ80}},
  howpublished = "\url{http://www.bucek.name/pdf/buz80.pdf}",
  year = {1996}, 
  note = "[Online; accessed 4-September-2016]"
}

@misc{iso7241m-spi-isolator-datasheet,
  title = {{Texas Instruments ISO7241M}},
  howpublished = "\url{http://www.ti.com/lit/ds/symlink/iso7241m.pdf}",
  year = {2016}, 
  note = "[Online; accessed 4-September-2016]"
}

@misc{mcp3204-adc-datasheet,
  title = {{Microchip MCP3204/3208}},
  howpublished = "\url{http://ww1.microchip.com/downloads/en/DeviceDoc/21298c.pdf}",
  year = {2002}, 
  note = "[Online; accessed 4-September-2016]"
}

@misc{lm336z-ref-voltage-datasheet,
  title = {{Texas Instruments LM336z}},
  howpublished = "\url{http://www.ti.com/lit/ds/symlink/lm136-5.0.pdf}",
  year = {2013}, 
  note = "[Online; accessed 4-September-2016]"
}

@misc{mje13009g-npn-power-transistor-datasheet,
  title = {{On Semiconductor MJE13009G}},
  howpublished = "\url{http://www.onsemi.com/pub_link/Collateral/MJE13009-D.PDF}",
  year = {2011}, 
  note = "[Online; accessed 4-September-2016]"
}

@misc{mth6n60-n-power-fet-datasheet,
  title = {{New Jersey Semi-Conductors MTH6N60}},
  howpublished = "\url{http://www.njsemi.com/datasheets/MTM6N60.pdf}",
  note = "[Online; accessed 4-September-2016]"
}

@misc{commercial-230v-ac-led-aliexpress,
  title = {{Commercial 230 V AC LED}},
  howpublished = "\url{https://nl.aliexpress.com/item/SMD-5730-E27-E14-LED-Lamp-5730SMD-LED-Lights-Corn-Led-Bulb-24-36-48-56/32629651035.html?spm=2114.48010608.4.143.cOIHcN}",
  note = "[Online; accessed 4-September-2016]"
}

@misc{gold-in-sats,
  title = {{Receiver Overview; Code Generation And Carrier Generation. GPS Signals And Receiver Technology.}},
  howpublished = "\url{http://kom.aau.dk/~dpl/courses/mm10_slides.pdf}",
  note = "[Online; accessed 4-September-2016]"
}



@article{sokolova2009systematic,
  title={A systematic analysis of performance measures for classification tasks},
  author={Sokolova, Marina and Lapalme, Guy},
  journal={Information Processing \& Management},
  volume={45},
  number={4},
  pages={427--437},
  year={2009},
  publisher={Elsevier}
}













@comment{
  A book with an explicit publisher

  required fields: author XOR editor, title, publisher, year
  optional fields: volume XOR number, series, address, edition, month, note
}



@comment{
  A work that is printed and bound, but without a named publisher or sponsoring institution

  required fields: title
  optional fields: author, howpublished, address, month, year, note
}

@Booklet{,
  title        = "",
  author       = "",
  howpublished = "",
  address      = "",
  month        = "",
  year         = "",
  note         = ""
}

@comment{
  The same as inproceedings, included for scribe compatability

  required fields: author, title, booktitle, year
  optional fields: editor, volume XOR number, series, pages, address, month, organization, publisher, note
}

@Conference{,
  author       =   "",
  title        =   "",
  booktitle    =   "",
  year         =   "",
  editor       =   "",
  volume       =   "",
  number       =   "",
  series       =   "",
  pages        =   "",
  address      =   "",
  month        =   "",
  organization =   "",
  publisher    =   "",
  note         =   ""
}

@comment{
  A part of a book, which may be a chapter (or section or whatever) and/or a range of pages

  required fields: author XOR editor, title, chapter and/or pages, publisher, year
  optional fields: volume XOR number, series, type, address, edition, month, note
}


@comment{
  A part of a book having its own title

  required fields: author, title, booktitle, publisher, year
  optional fields: editor, volume XOR number, series, type, chapter, pages, address, edition, month, note
}

@InCollection{,
  author       = "",
  title        = "",
  booktitle    = "",
  publisher    = "",
  year         = "",
  editor       = "",
  volume       = "",
  number       = "",
  series       = "",
  type         = "",
  chapter      = "",
  pages        = "",
  address      = "",
  edition      = "",
  month        = "",
  note         = ""
}

@comment{
  An article in a conference proceedings

  required fields: author, title, booktitle, year
  optional fields: editor, volume XOR number, series, pages, address, month, organization, publisher, note
}

@InProceedings{,
  author       =   "",
  title        =   "",
  booktitle    =   "",
  year         =   "",
  editor       =   "",
  volume       =   "",
  number       =   "",
  series       =   "",
  pages        =   "",
  address      =   "",
  month        =   "",
  organization =   "",
  publisher    =   "",
  note         =   ""
}

@comment{
  Technical documentation

  required fields: title
  optional fields: author, organization, address, edition, month, year, note
}

@Manual{,
  title        = "",
  author       = "",
  organization = "",
  address      = "",
  edition      = "",
  month        = "",
  year         = "",
  note         = ""
}

@comment{
  Use this type when nothing else fits

  required fields: -
  optional fields: author, title, howpublished, month, year, note

  key can be used as a sorting criterion
}

@Misc{,
  key           = "",
  author        = "",
  title         = "",
  howpublished  = "",
  month         = "",
  year          = "",
  note          = ""
}

@comment{
  A Master's thesis

  required fields: author, title, school, year
  optional fields: type, address, month, note
}

@MastersThesis{,
  author    =   "",
  title     =   "",
  school    =   "",
  year      =   "",
  type      =   "{MSc thesis}",
  address   =   "",
  month     =   "",
  note      =   ""
}

@comment{
  A PhD thesis

  required fields: author, title, school, year
  optional fields: type, address, month, note
}

@PhDThesis{,
  author    =   "",
  title     =   "",
  school    =   "",
  year      =   "",
  type      =   "{PhD thesis}",
  address   =   "",
  month     =   "",
  note      =   ""
}

@comment{
  The proceedings of a conference

  required fields: title, year
  optional fields: editor, volume XOR number, series, address, month, organization, publisher, note
}

@Proceedings{,
  title        =    "",
  year         =    "",
  editor       =    "",
  volume       =    "",
  number       =    "",
  series       =    "",
  address      =    "",
  month        =    "",
  organization =    "",
  publisher    =    "",
  note         =    ""
}

@comment{
  A report published by a school or other institution, usually numbered with a series

  required fields: author, title, institution, year
  optional fields: type, number, address, month, note
}

@TechReport{,
  author      =  "",
  title       =  "",
  institution =  "",
  year        =  "",
  type        =  "",
  number      =  "",
  address     =  "",
  month       =  "",
  note        =  ""
}

@comment{
  A document having an author and title, but not formally published

  required fields: author, title, note
  optional fields: month, year
}

@UnPublished{,
  author  = "",
  title   = "",
  note    = "",
  month   = "",
  year    = ""
}
